<record><leader>00000cas a22000007a 4500</leader><controlfield tag="001">22154045</controlfield><controlfield tag="008">900728d19261927mduwr ne      0    0eng d</controlfield><datafield ind1=" " ind2=" " tag="010"><subfield code="a">sn 90057190 </subfield></datafield><datafield ind1=" " ind2=" " tag="040"><subfield code="a">MFN</subfield><subfield code="b">eng</subfield><subfield code="c">MFN</subfield><subfield code="d">OCLCQ</subfield></datafield><datafield ind1=" " ind2=" " tag="042"><subfield code="a">msc</subfield></datafield><datafield ind1="0" ind2="4" tag="245"><subfield code="a">The general welfare.</subfield></datafield><datafield ind1=" " ind2=" " tag="260"><subfield code="a">Frostburg, Md. :</subfield><subfield code="b">Cook &amp; Schneider Print. Co.</subfield></datafield><datafield ind1=" " ind2=" " tag="300"><subfield code="a">v.</subfield></datafield><datafield ind1=" " ind2=" " tag="310"><subfield code="a">Weekly</subfield></datafield><datafield ind1="0" ind2=" " tag="362"><subfield code="a">Vol. 1, no. 1 (July 1, 1926)-v. 1, no. 37 (Aug. 17, 1927).</subfield></datafield><datafield ind1=" " ind2=" " tag="752"><subfield code="a">United States</subfield><subfield code="b">Maryland</subfield><subfield code="c">Allegany</subfield><subfield code="d">Frostburg.</subfield></datafield><datafield ind1="0" ind2="0" tag="785"><subfield code="t">Frostburg general welfare</subfield><subfield code="w">(DLC)sn 90057191</subfield></datafield></record>